<Document xmlns="urn:iso:std:iso:20022:tech:xsd:camt.052.001.02"
  xmlns:xsi="http://www.w3.org/2001/XMLSchema-instance" xsi:schemaLocation="urn:iso:std:iso:20022:tech:xsd:camt.052.001.02 C:\DOCUME~1\Schema\camt.052.001.02.xsd">
  <BkToCstmrAcctRpt>
    <GrpHdr>
      <MsgId>CAMT13002013102300001</MsgId>
      <CreDtTm>2013-10-24T08:20:41</CreDtTm>
    </GrpHdr>
    <Rpt>
      <Id>870339402013102300001</Id>
      <ElctrncSeqNb>201300412</ElctrncSeqNb>
      <CreDtTm>2013-10-24T08:20:41</CreDtTm>
      <Acct>
        <Id>
          <Othr>
            <Id>31313001012345</Id>
            <SchmeNm>
              <Cd>BBAN</Cd>
            </SchmeNm>
          </Othr>
        </Id>
        <Ccy>EUR</Ccy>
        <Ownr>
          <Id>
            <OrgId>
              <Othr>
                <Id>3322111112</Id>
                <SchmeNm>
                  <Cd>BANK</Cd>
                </SchmeNm>
              </Othr>
            </OrgId>
          </Id>
        </Ownr>
        <Svcr>
          <FinInstnId>
            <BIC>HANDFIHH</BIC>
          </FinInstnId>
        </Svcr>
      </Acct>
      <TxsSummry>
        <TtlCdtNtries>
          <NbOfNtries>1</NbOfNtries>
          <Sum>24811.52</Sum>
        </TtlCdtNtries>
        <TtlDbtNtries>
          <NbOfNtries>2</NbOfNtries>
          <Sum>153581.04</Sum>
        </TtlDbtNtries>
      </TxsSummry>
      <Ntry>
        <NtryRef>87033940201310230000100001</NtryRef>
        <Amt Ccy="EUR">151882.44</Amt>
        <CdtDbtInd>DBIT</CdtDbtInd>
        <Sts>BOOK</Sts>
        <BookgDt>
          <Dt>2013-10-23</Dt>
        </BookgDt>
        <ValDt>
          <Dt>2013-10-23</Dt>
        </ValDt>
        <BkTxCd>
          <Domn>
            <Cd>PMNT</Cd>
            <Fmly>
              <Cd>ICDT</Cd>
              <SubFmlyCd>NTAV</SubFmlyCd>
            </Fmly>
          </Domn>
        </BkTxCd>
        <NtryDtls>
          <TxDtls>
            <Refs>
              <Prtry>
                <Tp>OTHR</Tp>
                <Ref>1023313190U60573</Ref>
              </Prtry>
            </Refs>
            <AddtlTxInf>/BENM/BENEFICIARY OY</AddtlTxInf>
          </TxDtls>
        </NtryDtls>
        <AddtlNtryInf>3131090U12345678</AddtlNtryInf>
      </Ntry>
      <Ntry>
        <NtryRef>87033940201310230000100002</NtryRef>
        <Amt Ccy="EUR">1698.6</Amt>
        <CdtDbtInd>DBIT</CdtDbtInd>
        <Sts>BOOK</Sts>
        <BookgDt>
          <Dt>2013-10-23</Dt>
        </BookgDt>
        <ValDt>
          <Dt>2013-10-23</Dt>
        </ValDt>
        <BkTxCd>
          <Domn>
            <Cd>ACMT</Cd>
            <Fmly>
              <Cd>MDOP</Cd>
              <SubFmlyCd>CHRG</SubFmlyCd>
            </Fmly>
          </Domn>
        </BkTxCd>
        <NtryDtls>
          <TxDtls>
            <Refs>
              <Prtry>
                <Tp>OTHR</Tp>
                <Ref>10023 SH0023219</Ref>
              </Prtry>
            </Refs>
          </TxDtls>
        </NtryDtls>
      </Ntry>
      <Ntry>
        <NtryRef>87033940201310230000100003</NtryRef>
        <Amt Ccy="EUR">24811.52</Amt>
        <CdtDbtInd>CRDT</CdtDbtInd>
        <Sts>BOOK</Sts>
        <BookgDt>
          <Dt>2013-10-23</Dt>
        </BookgDt>
        <ValDt>
          <Dt>2013-10-23</Dt>
        </ValDt>
        <BkTxCd>
          <Domn>
            <Cd>PMNT</Cd>
            <Fmly>
              <Cd>RCDT</Cd>
              <SubFmlyCd>NTAV</SubFmlyCd>
            </Fmly>
          </Domn>
        </BkTxCd>
        <NtryDtls>
          <TxDtls>
            <Refs>
              <Prtry>
                <Tp>OTHR</Tp>
                <Ref>1022362980058660</Ref>
              </Prtry>
            </Refs>
            <AddtlTxInf>/ORDP/SENDER OF PAYMENT</AddtlTxInf>
          </TxDtls>
        </NtryDtls>
      </Ntry>
    </Rpt>
  </BkToCstmrAcctRpt>
</Document>